@book{sugiyama2012,
    place={Cambridge},
    title={Density Ratio Estimation in Machine Learning},
    DOI={10.1017/CBO9781139035613},
    publisher={Cambridge University Press},
    author={Sugiyama, Masashi and Suzuki, Taiji and Kanamori, Takafumi},
    year={2012}
}
