@book{kress89,
    title = {Linear Integral Equations},
    author = {Rainer Kress},
    series = {Applied Mathematical Sciences},
    year = {1989},
    publisher = {Springer-Verlag},
}

@book{wooldridge2001,
    title = {Econometric Analysis of Cross Section and Panel Data},
    author = {Jeffrey M. Wooldridge},
    isbn = {9780262232197},
    year = {2001},
    publisher = {The MIT Press},
}

@book{hernan2020,
    title = {Causal Inference: What If},
    author = {Miguel A. Hernán and James M. Robins},
    year = {2020},
    publisher = {Chapman \& Hall/CRC},
}

@book{lehmann59,
    title = {Testing Statistical Hypotheses},
    author = {E. L. Lehmann},
    year = {1959},
    publisher = {John Wiley \& Sons},
}

@book{munkres2000,
    title = {Topology},
    author = {James R. Munkres},
    year = {2000},
    publisher = {Prentice Hall, Inc},
}

@book{rudin1991,
    title = {Functional Analysis},
    author = {Walter Rudin},
    year = {1991},
    publisher = {McGraw-Hill},
}

@inbook{florens2007,
  author    = {Marine Carrasco and Jean-Pierre Florens and Eric Renault},
  title     = {Handbook of Econometrics},
  chapter   = {Linear Inverse Problems in Structural Econometrics Estimation Based on Spectral Decomposition and Regularization},
  publisher = {Elsevier},
  year      = {2007},
  volume    = {6B},
}

@article{nadaraya64,
    author = {E. A. Nadaraya},
    title = {On Estimating Regression},
    journal = {Theory of Probability \& its Applications},
    volume = {9},
    number = {1},
    pages = {141-142},
    year = {1964},
}

@article{watson64,
    author = {Geoffrey S. Watson},
    title = {Smooth Regression Analysis},
    journal = {Sankhyā: The Indian Journal of Statistics, Series A},
    volume = {26},
    number = {4},
    pages = {359-372},
    year = {1964},
}

@article{newey2003,
    title={Instrumental Variable Estimation of Nonparametric Models},
    author={Whitney K. Newey and James L. Powell},
    year={2003},
    journal={Econometrica},
    volume = {71},
    number = {5},
    pages = {1565-1578},
    DOI = {http://dx.doi.org/10.1111/1468-0262.00459},
}

@article{darolles2011,
    author = {S. Darolles and Y. Fan and J. P. Florens and E. Renault},
    title = {Nonparametric Instrumental Regression},
    journal = {Econometrica},
    volume = {79},
    number = {5},
    pages = {1541--5165},
    year = {2011}
}

@inproceedings{singh2019,
    author = {Singh, Rahul and Sahani, Maneesh and Gretton, Arthur},
    booktitle = {Advances in Neural Information Processing Systems},
    editor = {H. Wallach and H. Larochelle and A. Beygelzimer and F. d\textquotesingle Alch\'{e}-Buc and E. Fox and R. Garnett},
    pages = {},
    publisher = {Curran Associates, Inc.},
    title = {Kernel Instrumental Variable Regression},
    url = {https://proceedings.neurips.cc/paper_files/paper/2019/file/17b3c7061788dbe82de5abe9f6fe22b3-Paper.pdf},
    volume = {32},
    year = {2019}
}
